[gd_scene load_steps=7 format=2]

[ext_resource path="res://rocher.gd" type="Script" id=1]
[ext_resource path="res://rocher1.gd" type="Script" id=2]
[ext_resource path="res://rocher.png" type="Texture" id=3]
[ext_resource path="res://souris/star.pn.png" type="Texture" id=4]
[ext_resource path="res://rocher2.gd" type="Script" id=5]
[ext_resource path="res://rocher3.gd" type="Script" id=6]

[node name="roche" type="Node2D"]
script = ExtResource( 1 )

[node name="rocher1" type="Area2D" parent="."]
script = ExtResource( 2 )

[node name="Sprite" type="Sprite" parent="rocher1"]
position = Vector2( -206.22, -110.926 )
scale = Vector2( 0.0854721, 0.0598645 )
texture = ExtResource( 3 )

[node name="CollisionPolygon2D" type="CollisionPolygon2D" parent="rocher1"]
position = Vector2( -1142.7, -113.104 )
scale = Vector2( 0.713574, 0.610946 )
polygon = PoolVector2Array( 1236.47, 28.4119, 1277.32, -46.638, 1292.52, -40.938, 1316.27, -68.488, 1360.92, -18.138, 1373.27, -24.788, 1395.12, 41.7119, 1327.67, 70.2119, 1296.32, 69.2619 )

[node name="explo_rocher1" type="CPUParticles2D" parent="rocher1"]
position = Vector2( -190.906, -97.4009 )
rotation = 2.43299
scale = Vector2( 0.05, 0.05 )
z_index = -1
emitting = false
amount = 10
lifetime = 3.0
one_shot = true
preprocess = 5.0
speed_scale = 3.75
explosiveness = 0.12
randomness = 1.0
draw_order = 1
texture = ExtResource( 4 )
emission_shape = 3
emission_points = PoolVector2Array(  )
emission_colors = PoolColorArray(  )
spread = 11.61
flatness = 0.01
gravity = Vector2( 0, 98 )
initial_velocity = 365.59
hue_variation = 0.26
hue_variation_random = 0.58

[node name="rocher2" type="Area2D" parent="."]
position = Vector2( 47.2264, -104.843 )
script = ExtResource( 5 )

[node name="Sprite" type="Sprite" parent="rocher2"]
position = Vector2( 387.001, -56.509 )
scale = Vector2( 0.123255, 0.0985968 )
texture = ExtResource( 3 )

[node name="CollisionPolygon2D" type="CollisionPolygon2D" parent="rocher2"]
polygon = PoolVector2Array( 369.8, 3.14134, 313.75, -33.9086, 349.85, -93.7586, 363.15, -89.9586, 387.85, -112.759, 427.75, -70.0086, 439.15, -75.7086, 457.2, -24.4086, 394.5, 2.19133 )

[node name="explo_rocher2" type="CPUParticles2D" parent="rocher2"]
position = Vector2( 385.233, -37.3619 )
rotation = 2.43299
scale = Vector2( 0.05, 0.05 )
z_index = -1
amount = 10
lifetime = 3.0
preprocess = 0.12
speed_scale = 3.75
explosiveness = 0.12
randomness = 1.0
draw_order = 1
texture = ExtResource( 4 )
spread = 90.97
flatness = 0.01
gravity = Vector2( 0, 98 )
initial_velocity = 182.8
hue_variation = 0.11
hue_variation_random = 0.83

[node name="rocher3" type="Area2D" parent="."]
position = Vector2( -265.003, -50.3506 )
script = ExtResource( 6 )

[node name="Sprite" type="Sprite" parent="rocher3"]
position = Vector2( -179.078, 263.35 )
scale = Vector2( 0.219078, 0.174133 )
texture = ExtResource( 3 )

[node name="CollisionPolygon2D" type="CollisionPolygon2D" parent="rocher3"]
polygon = PoolVector2Array( -212.44, 364.422, -305.895, 307.143, -244.094, 200.122, -216.962, 203.137, -177.771, 160.931, -108.433, 234.791, -84.3158, 228.761, -51.1544, 322.216, -165.712, 367.437 )

[node name="explo_rocher3" type="CPUParticles2D" parent="rocher3"]
position = Vector2( -184.989, 276.321 )
rotation = 2.43299
scale = Vector2( 0.05, 0.05 )
z_index = -1
amount = 10
lifetime = 3.0
preprocess = 0.12
speed_scale = 3.75
explosiveness = 0.12
randomness = 1.0
draw_order = 1
texture = ExtResource( 4 )
spread = 90.97
flatness = 0.01
gravity = Vector2( 0, 98 )
initial_velocity = 258.07
hue_variation = 1.0
hue_variation_random = 0.26

